@article{iso,
  title={IEC 25010: 2011: Systems and software engineering--Systems and software Quality Requirements and Evaluation (SQuaRE)--System and software quality models},
  author={ISO, ISO},
  journal={International Organization for Standardization},
  year={2011}
}

@online{fowler,
author = {Fowler, Martin},
title  = {Code Smell},
date   = {2006-02},
url    = {http://martinfowler.com/bliki/CodeSmell.html}
}

@article{pmbok,
  title={Guide to the project Management body of knowledge},
  author={PMBoK, A},
  journal={Project Management Institute, Pennsylvania USA},
  year={2013}
}

@inproceedings{req,
  title={Effectiveness of requirements elicitation techniques: Empirical results derived from a systematic review},
  author={Davis, Alan and Dieste, Oscar and Hickey, Ann and Juristo, Natalia and Moreno, Ana Mar{\'\i}a},
  booktitle={Requirements Engineering, 14th IEEE International Conference},
  pages={179--188},
  year={2006},
  organization={IEEE}
}

@article{brooks,
  title={NO SILVER BULLET - ESSENCE AND ACCIDENTS OF SOFTWARE ENCINEERING},
  author={Brooks Jr, Frederick P.},
  year={1956}
}

@article{hr,
  title={Human resource management in the project-oriented company: A review},
  author={Huemann, Martina and Keegan, Anne and Turner, J Rodney},
  journal={International Journal of Project Management},
  volume={25},
  number={3},
  pages={315--323},
  year={2007},
  publisher={Elsevier}
}